@article{schutze98,
    author = {Sch\"{u}tze, Hinrich},
    title = {Automatic word sense discrimination},
    journal = {Comput. Linguist.},
    issue_date = {March 1998},
    volume = {24},
    number = {1},
    month = mar,
    year = {1998},
    issn = {0891-2017},
    pages = {97--123},
    numpages = {27},
    url = {http://dl.acm.org/citation.cfm?id=972719.972724},
    acmid = {972724},
    publisher = {MIT Press},
    address = {Cambridge, MA, USA},
} 
@mastersthesis{skiles12,
    author = {Skiles, Eric},
    title = {Document Geolocation Using Language Models Built From Lexical and Geographic Similarity},
    school = {The University of Texas at Austin},
    year = {2012},
}
@conference{adaptivegrid,
    author = {Stephen Roller and Michael Speriosu and Sarat Rallapalli and Benjamin Wing and Jason Baldridge},
    title = {Supervised Text-based Geolocation Using Language Models on an Adaptive Grid},
    booktitle = {EMNLP},
    year = {2012},
}

